<?xml version="1.0" encoding="UTF-8"?><collection xmlns="http://www.loc.gov/MARC21/slim"><record><leader>00630nam--2200205-i-4500</leader><controlfield tag="001">000002347</controlfield><controlfield tag="002">20161230</controlfield><controlfield tag="005">20161230201025</controlfield><controlfield tag="008">060222s1000------------r-----000-0-rum-d</controlfield><datafield ind1=" " ind2=" " tag="040"><subfield code="a">IFIN-HH</subfield></datafield><datafield ind1=" " ind2=" " tag="041"><subfield code="a">rum</subfield></datafield><datafield ind1=" " ind2=" " tag="080"><subfield code="a">53(081)</subfield></datafield><datafield ind1="1" ind2=" " tag="100"><subfield code="a">Feynman, Richard P</subfield></datafield><datafield ind1="1" ind2="0" tag="245"><subfield code="a">Fizica moderna. vol. 3. mecanica cuantica</subfield><subfield code="c">Richard p. feynman, robert b. leighton, matthew sands</subfield></datafield><datafield ind1=" " ind2=" " tag="260"><subfield code="a">Bucuresti</subfield><subfield code="b">Editura Thnica</subfield><subfield code="c">1970</subfield></datafield><datafield ind1=" " ind2=" " tag="300"><subfield code="a">688P</subfield></datafield><datafield ind1=" " ind2=" " tag="500"><subfield code="a">Titlul Original In Limba Engleza: The Feynman Lectures On Physics. Quantum Mechanics</subfield></datafield><datafield ind1="1" ind2=" " tag="700"><subfield code="a">Sands, Matthew</subfield></datafield><datafield ind1=" " ind2=" " tag="852"><subfield code="a">31865</subfield><subfield code="c">53</subfield></datafield><datafield ind1=" " ind2=" " tag="CAT"><subfield code="a">Sys</subfield><subfield code="c">20150223</subfield><subfield code="h">101308</subfield></datafield></record></collection>